@article{noble2009,
  author = {William Stafford Noble},
  title = "{A Quick Guide to Organizing Computational Biology Projects}",
  journal = {PLoS Computational Biology},
  volume = {5},
  number = {7},
  article = {e1000424},
  year = {2009},
  doi = {10.1371/journal.pcbi.1000424}
}
